@article{drepper_what_2007,
	title = {What every programmer should know about memory},
	journal = {http://people.redhat.com/drepper/cpumemory.pdf},
	author = {U. Drepper},
	year = {2007}
}

@book{CLRS,
  author = {T. H. Cormen and C. E. Leiserson and R. L. Rivest and C. Stein},
  publisher = {MIT Press},
  title = {Introduction to Algorithms},
  year = 2001,
  keywords = {imported},
  owner = {blev},
  biburl = {http://www.bibsonomy.org/bibtex/2d977a6bf54adcfe9a368fd05f535ecf9/evabl444}
}

﻿@article{parallel,
	title = {An Efficient Parallel Algorithm for Longest Common Subsequence Problem on GPUs},
	journal = {Processings of the World Congress on Engineering 2010 Vol I},
	author = {Jiaoyun Yang, Yun Xu, Yi Shang},
	year = {2010}
}
